<record xmlns="http://www.loc.gov/MARC21/slim" xmlns:xsi="http://www.w3.org/2001/XMLSchema-instance" xsi:schemaLocation="http://www.loc.gov/MARC21/slim http://www.loc.gov/standards/marcxml/schema/MARC21slim.xsd">

  <leader>00507nam a2200157Ia 4500</leader>
  <datafield ind1=" " tag="999" ind2=" ">
    <subfield code="c">2349</subfield>
    <subfield code="d">2349</subfield>
  </datafield>
  <controlfield tag="008">180911b2003    -us||||| |||| 00| | eng d</controlfield>
  <datafield ind1=" " tag="090" ind2=" ">
    <subfield code="a">19.02.06 </subfield>
    <subfield code="b">1928</subfield>
  </datafield>
  <datafield tag="110" ind1=" " ind2=" ">
    <subfield code="9">4216</subfield>
    <subfield code="a">Sociologists for Women in Society</subfield>
  </datafield>
  <datafield ind2="0" ind1="1" tag="245">
    <subfield code="a">Gender &amp; society / </subfield>
    <subfield code="c">Sociologists for Women in Society</subfield>
  </datafield>
  <datafield ind2=" " ind1=" " tag="260">
    <subfield code="a">Thousand Oaks : </subfield>
    <subfield code="b">SAGE Publications, </subfield>
    <subfield code="c">2003</subfield>
  </datafield>
  <datafield ind1=" " tag="300" ind2=" ">
    <subfield code="a">La Unidad posee Vol.17, no.2 (Apr.2003)</subfield>
  </datafield>
  <datafield ind1="1" tag="650" ind2="4">
    <subfield code="a">PUBLICACIONES PERIÓDICAS</subfield>
    <subfield code="9">3</subfield>
  </datafield>
  <datafield ind2="4" tag="650" ind1="1">
    <subfield code="a">GÉNERO</subfield>
    <subfield code="9">69</subfield>
  </datafield>
  <datafield ind1="1" tag="650" ind2="4">
    <subfield code="a">FEMINISMO</subfield>
    <subfield code="9">324</subfield>
  </datafield>
  <datafield ind2=" " tag="942" ind1=" ">
    <subfield code="2">z</subfield>
    <subfield code="c">01</subfield>
  </datafield>
</record>